Plačiau apie šaltinių tipus ir jų atributus:
http://mirror.datacenter.by/pub/mirrors/CTAN/macros/latex/contrib/biblatex/doc/biblatex.pdf#subsection.2.1

@article{firstIdea,
    author    = {Warren S. McCullochWalter Pitts},
    title     = {A Logical Calculus of Ideas Immanent in Nervous Activity},
    journal   = {Bulletin of Mathematical Biophysics},
    year      = {1943},
    volume={5}, 
    pages={115-133}, 
    doi={https://doi.org/10.1007/BF02478259}, 
    ISSN={0007-4985}, 
    publisher={Kluwer Academic Publishers},
    month={December}
}

@article{fukushima,
author = {Fukushima, Kunihiko},
year = {1980},
month = {02},
pages = {193-202},
title = {Neocognitron: A self-organizing neural network model for a mechanism of pattern recognition unaffected by shift in position},
volume = {36},
booktitle = {Biological cybernetics}
}

@inproceedings{LeCun:1999:ORG:646469.691875,
 author = {LeCun, Yann and Haffner, Patrick and Bottou, L{\'e}on and Bengio, Yoshua},
 title = {Object Recognition with Gradient-Based Learning},
 booktitle = {Shape, Contour and Grouping in Computer Vision},
 year = {1999},
 isbn = {3-540-66722-9},
 pages = {319--},
 url = {http://dl.acm.org/citation.cfm?id=646469.691875},
 acmid = {691875},
 publisher = {Springer-Verlag},
 address = {London, UK, UK},
} 

@article{classificationDef,
    author = {Paul O’ Dea, Josephine Griffith, Colm O’ Riordan},
    year = {2001},
    month = {07},
    pages = {389-401},
    journal={Intelligent Exploration of the Web},
    title = {Combining Feature Selection and Neural Networks for Solving Classification Problems}
}

@inproceedings{Taigman:2014:DCG:2679600.2680208,
    author = {Taigman Yaniv, Yang Ming, Ranzato Marc'Aurelio and Wolf Lior},
    title = {DeepFace: Closing the Gap to Human-Level Performance in Face Verification},
    booktitle = {Proceedings of the 2014 IEEE Conference on Computer Vision and Pattern Recognition},
    year = {2014},
    isbn = {978-1-4799-5118-5},
    pages = {1701--1708},
    url = {https://doi.org/10.1109/CVPR.2014.220},
    doi = {10.1109/CVPR.2014.220},
    publisher = {IEEE Computer Society},
} 

@article{cancer,
	author = {N. Ganesan and K. Venkatesh and M. A. Rama and A. Malathi Palani},
	title = {Article:Application of Neural Networks in Diagnosing Cancer Disease using Demographic Data},
	journal = {International Journal of Computer Applications},
	year = {2010},
	volume = {1},
	number = {26},
	pages = {76-85},
	month = {February},
	note = {Published By Foundation of Computer Science}
}

@article{eyedis,
	author = {Gauri Borkhade, Ranjana Raut},
	title = {Application of Neural Network for Diagnosing Eye Disease},
	journal = {nternational Journal of Electronics, Communication and Soft Computing Science & Engineering (IJECSCSE)},
	year = {2015},
	volume = {4},
	pages = {174-176},
	note = {Published By International Journal of Electronics, Communication and Soft Computing Science and Engineering}
}

@inproceedings{deepGlint,
    author={Bian Ziyang, Xu Tingfa, Su Chang and Luo Xuan},
    title={Human Abnormal Behavior Detection Based on RGBD Video's Skeleton Information Entropy},
    booktitle={Proceedings of the 2015 International Conference on Communications, Signal Processing, and Systems},
    year={2016},
    publisher={Springer Berlin Heidelberg},
    pages={715-723},
    isbn={978-3-662-49831-6}
}

@book{Raschka:2015:PML:2886323,
 author = {Raschka, Sebastian},
 title = {Python Machine Learning},
 year = {2015},
 isbn = {1783555130, 9781783555130},
 publisher = {Packt Publishing},
 pages={342-343}
} 

@book{Goodfellow-et-al-2016,
    title={Deep Learning},
    author={Ian Goodfellow and Yoshua Bengio and Aaron Courville},
    publisher={MIT Press},
    note={\url{http://www.deeplearningbook.org}},
    year={2016}
}

@misc{Woodford-2018,
    author={C. Woodford},
    title={Neural networks},
    year={2018},
    howpublished={\url{https://www.explainthatstuff.com/introduction-to-neural-networks.html}},
}

\/ using
@book{Cameron-loss-fun,
    title={Bayesian Methods for Hackers},
    author={Cameron Davidson-Pilon},
    publisher={Addison-Wesley Professional},
    year={2015},
    
}

\/ using
@book{Convolution-book,
    title={Deep Learning},
    author={Josh Patterson and Adam Gibson},
    publisher={O’Reilly Media, Inc.},
    year={2017},    
}
\/using
@misc{layers-CS231n,
    author={Fei-Fei Li},
    title={Convolutional Neural Networks},
    year={2015},
    publisher={Stanford},
    howpublished={\url{https://cs231n.github.io/convolutional-networks/}},
}
\/ using
@misc{layers-fullyconnected,
    author={Ujjwal Karn},
    title={An Intuitive Explanation of Convolutional Neural Networks},
    year={2016},
    howpublished={\url{https://ujjwalkarn.me/2016/08/11/intuitive-explanation-convnets/}},
}
\/ using
@article{DBLP:journals/corr/YosinskiCBL14,
  author    = {Jason Yosinski and
               Jeff Clune and
               Yoshua Bengio and
               Hod Lipson},
  title     = {How transferable are features in deep neural networks?},
  journal   = {CoRR},
  volume    = {abs/1411.1792},
  year      = {2014},
  url       = {http://arxiv.org/abs/1411.1792},
  archivePrefix = {arXiv},
  eprint    = {1411.1792},
  timestamp = {Wed, 07 Jun 2017 14:40:45 +0200},
  biburl    = {https://dblp.org/rec/bib/journals/corr/YosinskiCBL14},
  bibsource = {dblp computer science bibliography, https://dblp.org}
}

\/ using
@article{activation,
    author = {Vehbi Olgac, A and Karlik, Bekir},
    year = {2011},
    month = {02},
    pages = {111-122},
    title = {Performance Analysis of Various Activation Functions in Generalized MLP Architectures of Neural Networks},
    volume = {1},
    booktitle = {International Journal of Artificial Intelligence And Expert Systems}
}

\/ using
@article{1193152, 
    author={Qi-Jun Zhang and K. C. Gupta and V. K. Devabhaktuni}, 
    journal={IEEE Transactions on Microwave Theory and Techniques}, 
    title={Artificial neural networks for RF and microwave design - from theory to practice}, 
    year={2003}, 
    volume={51}, 
    number={4}, 
    pages={1339-1350}, 
    doi={10.1109/TMTT.2003.809179}, 
    ISSN={0018-9480}, 
    month={Apr}
}
\/ using
@book{shiffman2012nature,
  title={The Nature of Code},
  author={Shiffman, D.},
  isbn={9780985930806},
  url={https://books.google.lt/books?id=hoK6lgEACAAJ},
  chapter={10},
  year={2012},
  publisher={D. Shiffman}
}
\/ using
@article{backpropogation,
    author = {Thaqif Rajab and Roselina Salleh},
    year = {2017},
    title = {Classıfıcatıon of Dıabetes Dısease Usıng Backpropagatıon and Radıal Basıs Functıon Network},
    volume = {2},
    booktitle = {UTM Computing Proceedings Innovations in Computing Technology and Applications},
    isbn={978-967-0194-95-0},
    pages={3-4}
}
\/using
@inproceedings{Niknafs2016NeuralNO,
  title={Neural Network Optimization},
  author={Mina Niknafs},
  year={2016}
}
\/ using
@book{leondes1998image,
  title={Image Processing and Pattern Recognition},
  author={Leondes, C.T.},
  isbn={9780080551449},
  series={Neural Network Systems Techniques and Applications},
  url={https://books.google.lt/books?id=oDewAeVxr-4C},
  year={1998},
  publisher={Elsevier Science},
  pages={323-324}
}
\/ using
@article{CnnImages,
    author = {Yihong ZHANG, Adam JATOWT and Yukiko KAWAI},
    year = {2018},
    title = {Picture or Words: Predicting Twitter Image Post Popularity with Deep Learning},
    url={http://db-event.jpn.org/deim2018/data/papers/365.pdf}
}
\/using
@article{DBLP:journals/corr/abs-1708-08711,
  author    = {Sagi Eppel},
  title     = {Setting an attention region for convolutional neural networks using
               region selective features, for recognition of materials within glass
               vessels},
  journal   = {CoRR},
  volume    = {abs/1708.08711},
  year      = {2017},
  url       = {http://arxiv.org/abs/1708.08711},
  archivePrefix = {arXiv},
  eprint    = {1708.08711},
  timestamp = {Tue, 05 Sep 2017 10:03:46 +0200},
  biburl    = {https://dblp.org/rec/bib/journals/corr/abs-1708-08711},
  bibsource = {dblp computer science bibliography, https://dblp.org},
}
\/using
@artice{CNNbasic,
    author = {Reiazi, Reza and Paydar, Reza and Abbasian Ardakani, Ali and Etedadialiabadi, Maryam},
    year = {2018},
    month = {01},
    pages = {111-115},
    title = {Mammography Lesion Detection Using Faster R-CNN Detector}
}
\/using
@ARTICLE{7927440, 
    author={C. Y. Lee and P. Gallagher and Z. Tu}, 
    journal={IEEE Transactions on Pattern Analysis and Machine Intelligence}, 
    title={Generalizing Pooling Functions in CNNs: Mixed, Gated, and Tree}, 
    year={2018}, 
    volume={40}, 
    number={4}, 
    pages={863-875}, 
    keywords={computational complexity;feedforward neural nets;learning (artificial intelligence);neural net architecture;trees (mathematics);2-level tree pooling operators;average pooling;computational overhead;deep neural network architectures;generalized pooling operation;learned pooling masks;max pooling;pooling filters;pooling function;pooling methods;tree-structured fusion;Computer architecture;Decision trees;Logic gates;Machine learning;Neural networks;Standards;Training;Convolutional neural networks;deep learning;pooling functions;supervised classification}, 
    doi={10.1109/TPAMI.2017.2703082}, 
    ISSN={0162-8828}, 
    month={April},}

@article{DBLP:journals/corr/HeZRS15,
  author    = {Kaiming He and
               Xiangyu Zhang and
               Shaoqing Ren and
               Jian Sun},
  title     = {Deep Residual Learning for Image Recognition},
  journal   = {CoRR},
  volume    = {abs/1512.03385},
  year      = {2015},
  url       = {http://arxiv.org/abs/1512.03385},
  archivePrefix = {arXiv},
  eprint    = {1512.03385},
  timestamp = {Wed, 07 Jun 2017 14:41:17 +0200},
  biburl    = {https://dblp.org/rec/bib/journals/corr/HeZRS15},
  bibsource = {dblp computer science bibliography, https://dblp.org}
}

@ARTICLE{2016arXiv161106652K,
   author = {{Krummenacher}, G. and {McWilliams}, B. and {Kilcher}, Y. and 
	{Buhmann}, J.~M. and {Meinshausen}, N.},
    title = "{Scalable Adaptive Stochastic Optimization Using Random Projections}",
    journal = {ArXiv e-prints},
    archivePrefix = "arXiv",
    eprint = {1611.06652},
    primaryClass = "stat.ML",
    keywords = {Statistics - Machine Learning, Computer Science - Learning},
    year = {2016},
    month = {November},
    adsurl = {http://adsabs.harvard.edu/abs/2016arXiv161106652K},
    adsnote = {Provided by the SAO/NASA Astrophysics Data System}
}

@article{DBLP:journals/corr/KingmaB14,
  author    = {Diederik P. Kingma and
               Jimmy Ba},
  title     = {Adam: {A} Method for Stochastic Optimization},
  journal   = {CoRR},
  volume    = {abs/1412.6980},
  year      = {2014},
  url       = {http://arxiv.org/abs/1412.6980},
  archivePrefix = {arXiv},
  eprint    = {1412.6980},
  timestamp = {Wed, 07 Jun 2017 14:40:52 +0200},
  biburl    = {https://dblp.org/rec/bib/journals/corr/KingmaB14},
  bibsource = {dblp computer science bibliography, https://dblp.org}
}